<collection xmlns="http://www.loc.gov/MARC21/slim">
<record>
  <leader>01390nam0a22002051i 450 </leader>
  <controlfield tag="001">IT\ICCU\CNCE\055553</controlfield>
  <controlfield tag="005">20040410000000.0</controlfield>
  <datafield tag="100" ind1=" " ind2=" ">
    <subfield code="a">20040207f1565        0itac0103    ba</subfield>
  </datafield>
  <datafield tag="101" ind1=" " ind2=" ">
    <subfield code="a">ITA</subfield>
  </datafield>
  <datafield tag="102" ind1=" " ind2=" ">
    <subfield code="a">IT</subfield>
  </datafield>
  <datafield tag="200" ind1="1" ind2=" ">
    <subfield code="a">Lunario de lanno MDLXV calculato al meridiano della magnifica citt ̉di Lucha, alle ore comune di l&apos;horologio, per l&apos;eccellente astrologo, et philosopho m. Pandolpho Ricci Luchese, et serue tutta Italia, con la variet ̉di tempi, di mese in mese, &amp; di giorno in giorno, secondo gli aspetti de pianeti, et le feste mobile &amp; commandate per la santa madre Chiesa le Quattro Tempora, li giorni delle nozze, &amp; li giorni da piantare &amp; incalmare, con le ferie che si fanno in diuerse parti d&apos;Italia, et altre cose vtile &amp; necessarie da sapere</subfield>
  </datafield>
  <datafield tag="210" ind1=" " ind2=" ">
    <subfield code="a">Stampato in Bologna et ristampato in Foligno</subfield>
    <subfield code="d">\1565!</subfield>
  </datafield>
  <datafield tag="215" ind1=" " ind2=" ">
    <subfield code="a">38 c.</subfield>
    <subfield code="d">4ʻ</subfield>
  </datafield>
  <datafield tag="300" ind1=" " ind2=" ">
    <subfield code="a">Stampata da Agostino Colaldi. Cfr.: A. Massimi, Agostino e Antonio Colaldi di Cittaducale stampatori, in &quot;Bullettino della Deputazione Abruzzese di storia patria&quot;, 42-43 (1951-1952), p. 131. - La data si ticava dal titolo</subfield>
  </datafield>
  <datafield tag="620" ind1=" " ind2=" ">
    <subfield code="a">IT</subfield>
    <subfield code="d">Foligno</subfield>
  </datafield>
  <datafield tag="700" ind1=" " ind2="1">
    <subfield code="a">Ricci,</subfield>
    <subfield code="b">Pandolfo</subfield>
    <subfield code="3">IT\ICCU\CNCA\017215</subfield>
  </datafield>
  <datafield tag="712" ind1="0" ind2="0">
    <subfield code="a">Colaldi, Agostino</subfield>
    <subfield code="3">IT\ICCU\CNCT\000505</subfield>
    <subfield code="4">650</subfield>
  </datafield>
  <datafield tag="791" ind1="0" ind2="0">
    <subfield code="a">Colaldus, Augustinus</subfield>
    <subfield code="3">IT\ICCU\CNCT\004628</subfield>
    <subfield code="z">Colaldi, Agostino</subfield>
  </datafield>
  <datafield tag="791" ind1="0" ind2="0">
    <subfield code="a">Colaldo, Agostino</subfield>
    <subfield code="3">IT\ICCU\CNCT\004629</subfield>
    <subfield code="z">Colaldi, Agostino</subfield>
  </datafield>
  <datafield tag="801" ind1=" " ind2="3">
    <subfield code="a">IT</subfield>
    <subfield code="b">ICCU</subfield>
    <subfield code="c">20201115</subfield>
  </datafield>
</record>
</collection>
